<record><leader>00000cas a2200000 i 4500</leader><controlfield tag="001">904398594</controlfield><controlfield tag="006">m     o  d        </controlfield><controlfield tag="007">cr |||||||||||</controlfield><controlfield tag="008">150305d18501856laudn neo     0   a0eng  </controlfield><datafield ind1=" " ind2=" " tag="010"><subfield code="a">  2015218572</subfield></datafield><datafield ind1=" " ind2=" " tag="040"><subfield code="a">DLC</subfield><subfield code="c">DLC</subfield><subfield code="d">DLC</subfield></datafield><datafield ind1="0" ind2=" " tag="022"><subfield code="a">2377-7192</subfield><subfield code="2">1</subfield></datafield><datafield ind1="1" ind2=" " tag="029"><subfield code="a">NZ1</subfield><subfield code="b">16037273</subfield></datafield><datafield ind1=" " ind2=" " tag="042"><subfield code="a">pcc</subfield></datafield><datafield ind1="0" ind2="0" tag="050"><subfield code="a">Newspaper</subfield></datafield><datafield ind1="0" ind2="0" tag="082"><subfield code="a">071</subfield><subfield code="2">23</subfield></datafield><datafield ind1="0" ind2=" " tag="130"><subfield code="a">Daily comet (Baton Rouge, La.)</subfield></datafield><datafield ind1=" " ind2="4" tag="222"><subfield code="a">The daily comet</subfield><subfield code="b">(Baton Rouge, La. Online)</subfield></datafield><datafield ind1="1" ind2="4" tag="245"><subfield code="a">The daily comet.</subfield></datafield><datafield ind1=" " ind2="1" tag="264"><subfield code="a">Baton Rouge, La. :</subfield><subfield code="b">Geo. A. Pike,</subfield><subfield code="c">-1856.</subfield></datafield><datafield ind1=" " ind2=" " tag="300"><subfield code="a">1 online resource</subfield></datafield><datafield ind1=" " ind2=" " tag="310"><subfield code="a">Daily (except Sun. and Mon.)</subfield></datafield><datafield ind1=" " ind2=" " tag="336"><subfield code="a">text</subfield><subfield code="b">txt</subfield><subfield code="2">rdacontent</subfield></datafield><datafield ind1=" " ind2=" " tag="337"><subfield code="a">computer</subfield><subfield code="b">c</subfield><subfield code="2">rdamedia</subfield></datafield><datafield ind1=" " ind2=" " tag="338"><subfield code="a">online resource</subfield><subfield code="b">cr</subfield><subfield code="2">rdacarrier</subfield></datafield><datafield ind1="1" ind2=" " tag="362"><subfield code="a">Began in 1850. Ceased with v. 13, no. 26 (Feb. 2, 1856).</subfield></datafield><datafield ind1=" " ind2=" " tag="588"><subfield code="a">Description based on: Vol. III (September 1, 1852) ; title from masthead (Chroniclingamerica.loc.gov, viewed March 5, 2015).</subfield></datafield><datafield ind1=" " ind2=" " tag="588"><subfield code="a">Latest issue consulted: Vol. XIII,  number 26 (February 2, 1856) (Chroniclingamerica.loc.gov, viewed March 5, 2015).</subfield></datafield><datafield ind1=" " ind2="0" tag="651"><subfield code="a">Baton Rouge (La.)</subfield><subfield code="v">Newspapers.</subfield></datafield><datafield ind1=" " ind2="7" tag="651"><subfield code="a">Louisiana</subfield><subfield code="z">Baton Rouge.</subfield><subfield code="2">fast</subfield><subfield code="0">(OCoLC)fst01205202</subfield></datafield><datafield ind1=" " ind2="7" tag="655"><subfield code="a">Newspapers.</subfield><subfield code="2">fast</subfield><subfield code="0">(OCoLC)fst01423814</subfield></datafield><datafield ind1=" " ind2=" " tag="752"><subfield code="a">United States</subfield><subfield code="b">Louisiana</subfield><subfield code="c">East Baton Rouge</subfield><subfield code="d">Baton Rouge.</subfield></datafield><datafield ind1="0" ind2=" " tag="775"><subfield code="t">Weekly comet (Baton Rouge, La.)</subfield><subfield code="x">2377-9470</subfield><subfield code="w">(DLC)  2015218596</subfield><subfield code="w">(OCoLC)905657664</subfield></datafield><datafield ind1="0" ind2=" " tag="775"><subfield code="t">Weekly morning comet (Baton Rouge, La. : 1856)</subfield></datafield><datafield ind1="0" ind2="8" tag="776"><subfield code="i">Originally issued in print:</subfield><subfield code="t">Daily comet (Baton Rouge, La.)</subfield><subfield code="x">2377-7184</subfield><subfield code="w">(DLC)sn 83016548</subfield><subfield code="w">(OCoLC)9903995</subfield></datafield><datafield ind1="0" ind2="0" tag="785"><subfield code="t">Morning comet</subfield><subfield code="x">2377-813X</subfield><subfield code="w">(DLC)  2015218578</subfield><subfield code="w">(OCoLC)904716383</subfield></datafield><datafield ind1="4" ind2="0" tag="856"><subfield code="u">http://www.loc.gov/chroniclingamerica/lccn/sn83016548/issues</subfield></datafield></record>